@inproceedings{Bolosky:1989:SBE:74850.74854,
 author = {Bolosky, W. and Fitzgerald, R. and Scott, M.},
 title = {Simple but Effective Techniques for NUMA Memory Management},
 booktitle = {Proceedings of the Twelfth ACM Symposium on Operating Systems Principles},
 series = {SOSP '89},
 year = {1989},
 isbn = {0-89791-338-8},
 pages = {19--31},
 numpages = {13},
 url = {http://doi.acm.org/10.1145/74850.74854},
 doi = {10.1145/74850.74854},
 acmid = {74854},
 publisher = {ACM},
 address = {New York, NY, USA},
} 

@inproceedings{Bolosky:1991:NPR:106972.106994,
 author = {Bolosky, William J. and Scott, Michael L. and Fitzgerald, Robert P. and Fowler, Robert J. and Cox, Alan L.},
 title = {NUMA Policies and Their Relation to Memory Architecture},
 booktitle = {Proceedings of the Fourth International Conference on Architectural Support for Programming Languages and Operating Systems},
 series = {ASPLOS IV},
 year = {1991},
 isbn = {0-89791-380-9},
 location = {Santa Clara, California, USA},
 pages = {212--221},
 numpages = {10},
 url = {http://doi.acm.org/10.1145/106972.106994},
 doi = {10.1145/106972.106994},
 acmid = {106994},
 publisher = {ACM},
 address = {New York, NY, USA},
} 

@inproceedings{Lachaize:2012:MMP:2342821.2342826,
 author = {Lachaize, Renaud and Lepers, Baptiste and Qu{\'e}ma, Vivien},
 title = {MemProf: A Memory Profiler for NUMA Multicore Systems},
 booktitle = {Proceedings of the 2012 USENIX Conference on Annual Technical Conference},
 series = {USENIX ATC'12},
 year = {2012},
 location = {Boston, MA},
 pages = {5--5},
 numpages = {1},
 url = {http://dl.acm.org/citation.cfm?id=2342821.2342826},
 acmid = {2342826},
 publisher = {USENIX Association},
 address = {Berkeley, CA, USA},
} 
